OK {linux-kernel,
    author    = "David Rusling",
    title     = "The Linux Kernel",
    publisher = "Rusling",
    year      = "1999"
}
@BOOK {win-in-1,
    author    = "Mark Russinovich, David Solomon, and Alex Ionescu",
    title     = "Windows Internals, Part 1: Covering Windows Server® 2008 R2 and Windows 7 (Developer Reference)",
    publisher = "Microsoft Press",
    year      = "2012",
    edition   = "second"
}
@BOOK {win-in-2,
  title={Windows Internals, Part 1: Covering Windows Server® 2008 R2 and Windows 7 (Developer Reference)},
  publisher={Microsoft Press},
  author="{Mark Russinovich, David Solomon, and Alex Ionescu}",
  year={2012}
}
@ONLINE {freebsd-kproc,
    author = "FreeBSD",
    title  = "kproc",
    note    = "https://www.freebsd.org/cgi/man.cgi?query=kproc\&manpath=FreeBSD+8.0-RELEASE"
}
@ONLINE {freebsd-kthread,
    author = "FreeBSD",
    title  = "kproc",
    note    = "https://www.freebsd.org/cgi/man.cgi?query=kproc\&manpath=FreeBSD+8.0-RELEASE"
}
@ONLINE {ms-pat,
    author = "Microsoft",
    title  = "Processes and Threads",
    note    = "https://msdn.microsoft.com/en-us/library/windows/desktop/ms684841(v=vs.85).aspx"
}
@ONLINE {ms-apat,
    author = "Microsoft",
    title  = "About Processes and Threads",
    note    = "https://msdn.microsoft.com/en-us/library/windows/desktop/ms681917(v=vs.85).aspx"
}
@online{kernel-cfq,
  note = "https://www.kernel.org/doc/Documentation/block/cfq-iosched.txt",
  title = "cfq-iosched.txt",
}
@online{kernel-io,
author = "Kernel development community",
title  = "Input/Output",
note    = "https://www.kernel.org/doc/html/v4.13/media/uapi/v4l/io.html"
}
@book{FreeBSD,
  place={Upper Saddle River NJ},
  title={The design and implementation of the FreeBSD operating system},
  publisher={Addison-Wesley},
  author={McKusick, Marshall Kirk. and Neville-Neil, George V. and Watson, Robert N. M.},
  year={2015}
}
@misc{jasmine,
  title={Jasmine},
  note={https://github.com/jasmine/jasmine},
  publisher={Jasmine}
}
@misc{mocha,
  title={Mocha - the fun, simple, flexible JavaScript test framework},
  note={https://mochajs.org/},
  publisher={MochaJS}
}
@misc{rift,
  title={Oculus Rift},
  note={https://www.oculus.com/rift/},
  publisher={Oculus}
}
@misc{ava,
  title={Futuristic JavaScript test runner},
  note={https://github.com/avajs/ava},
  publisher={AVA}
}
@misc{MvJ,
  title={Jasmine, or Mocha? – Praveen Janakarajan – Medium},
  note={https://medium.com/@praveenjanakarajan/jasmine-or-mocha-66942388b196},
  publisher={Medium},
  author={Janakarajan, Praveen},
  year={2016},
  month={Aug}
}
@MISC{gcp,
  title={Google Cloud Platform},
  note={https://cloud.google.com/},
  publisher={Google}
}
@misc{aws,
  title={Amazon Web Services (AWS) - Cloud Computing Services},
  note={https://aws.amazon.com},
  publisher={Amazon}
}
@misc{hololens,
  title={Microsoft HoloLens | The leader in mixed reality technology},
  note={https://www.microsoft.com/en-us/hololens},
  publisher={Microsoft}
}
@misc{vive,
  title={Vive | Discover Virtual Reality Beyond Imagination},
  note={https://www.vive.com/us/},
  publisher={HTC}
}
@misc{tensor-lang,
  title={API Documentation | TensorFlow},
  note={https://www.tensorflow.org/api_docs/},
  publisher={TensorFlow}
}
@misc{mxnet,
  title={MXNet: A Scalable Deep Learning Framework},
  note={https://mxnet.incubator.apache.org},
  publisher={Apache Software Foundation}
}