@misc{def_wear,
    title={What is wearable tech? Everything you need to know explained},
    url={https://www.wareable.com/wearable-tech/what-is-wearable-tech-753},
    journal={Wareable},
    publisher={Wareable},
    author={Sung, Dan},
    year={2015},
    month={Aug}
}
@misc{def_vr,
    title={What is Virtual Reality? VR Definition and Examples | Marxent},
    url={https://www.marxentlabs.com/what-is-virtual-reality/},
    journal={Marxent | Top Augmented Reality Apps Developer},
    author={Dr. Brian Jackson, PhD on June 3, 2015},
    year={2017},
    month={Oct}
}
@misc {def_ai,
    author = "Mona Lalwani",
    title  = "Personal assistants are ushering in the age of AI at home",
    url    = "https://www.engadget.com/2016/10/05/personal-assistants-google-home-ai/"
}